% Encoding: UTF-8

@Book{Pearl1988,
  title     = {\href{https://dl.acm.org/citation.cfm?id=52121}{Probabilistic Reasoning in Intelligent Systems: Networks of Plausible Inference}},
  publisher = {Morgan Kaufmann},
  year      = {1988},
  author    = {Pearl, J.},
  owner     = {Vincent},
  timestamp = {2018.03.25},
}

@Article{Zadeh1965,
  author    = {Zadeh, L. A.},
  title     = {\href{https://doi.org/10.1016/S0019-9958(65)90241-X}{Fuzzy sets}},
  journal   = {Information and Control},
  year      = {1965},
  volume    = {8},
  number    = {3},
  pages     = {338-353},
  owner     = {Vincent},
  timestamp = {2018.03.25},
}

@InProceedings{Agrawal1993,
  author    = {Agrawal, R. and Imieli≈Ñski, T. and Swami, A.},
  title     = {\href{https://doi.org/10.1145/170036.170072}{Mining association rules between sets of items in large databases}},
  booktitle = {ACM SIGMOD International Conference on Management of data},
  year      = {1993},
  pages     = {207-216},
  owner     = {Vincent},
  timestamp = {2018.03.25},
}

@Comment{jabref-meta: databaseType:bibtex;}
